<?xml version="1.0" encoding="UTF-8" ?><marc:collection xmlns:marc="http://www.loc.gov/MARC21/slim" xmlns:xsi="http://www.w3.org/2001/XMLSchema-instance" xsi:schemaLocation="http://www.loc.gov/MARC21/slim http://www.loc.gov/standards/marcxml/schema/MARC21slim.xsd">
<marc:record><marc:leader>01001nam a 200229Ia 45  </marc:leader>
<marc:controlfield tag="005">20110918231100.0</marc:controlfield>
<marc:controlfield tag="008">      s2004    bl            000 0 por d</marc:controlfield><marc:datafield tag="020" ind1=" " ind2=" "><marc:subfield code="a">8523500375 (Duas Cidades)</marc:subfield></marc:datafield><marc:datafield tag="020" ind1=" " ind2=" "><marc:subfield code="a">8573263067 (Editora 34)</marc:subfield></marc:datafield><marc:datafield tag="040" ind1=" " ind2=" "><marc:subfield code="a">USP/SIBI</marc:subfield></marc:datafield><marc:datafield tag="041" ind1="0" ind2=" "><marc:subfield code="a">por</marc:subfield></marc:datafield><marc:datafield tag="044" ind1=" " ind2=" "><marc:subfield code="a">bl</marc:subfield></marc:datafield><marc:datafield tag="100" ind1="1" ind2=" "><marc:subfield code="a">Bolle, Willi</marc:subfield></marc:datafield><marc:datafield tag="245" ind1="1" ind2="0"><marc:subfield code="a">Grandesertão.br</marc:subfield><marc:subfield code="b">o romance de formação do Brasil</marc:subfield></marc:datafield><marc:datafield tag="260" ind1=" " ind2=" "><marc:subfield code="a">São Paulo</marc:subfield><marc:subfield code="b">Duas Cidades</marc:subfield><marc:subfield code="b">Editora 34</marc:subfield><marc:subfield code="c">2004</marc:subfield></marc:datafield><marc:datafield tag="300" ind1=" " ind2=" "><marc:subfield code="a">478 p</marc:subfield></marc:datafield><marc:datafield tag="490" ind1=" " ind2=" "><marc:subfield code="a">Coleção Espírito crítico</marc:subfield></marc:datafield><marc:datafield tag="600" ind1="1" ind2="7"><marc:subfield code="a">Rosa, João Guimarães</marc:subfield><marc:subfield code="d">1908-1967</marc:subfield></marc:datafield><marc:datafield tag="650" ind1=" " ind2="7"><marc:subfield code="a">LITERATURA BRASILEIRA (HISTÓRIA E CRÍTICA)</marc:subfield><marc:subfield code="2">larpcal</marc:subfield></marc:datafield><marc:datafield tag="856" ind1="4" ind2=" "><marc:subfield code="z">&quot;Clicar&quot; sobre o botão para acesso ao Currículo Lattes de Willi Bolle</marc:subfield><marc:subfield code="u">http://buscatextual.cnpq.br/buscatextual/visualizacv.do?id=K4787728P3</marc:subfield><marc:subfield code="3">Currículo Lattes</marc:subfield></marc:datafield><marc:datafield tag="945" ind1=" " ind2=" "><marc:subfield code="a">P</marc:subfield><marc:subfield code="b">MONOGRAFIA/LIVRO</marc:subfield><marc:subfield code="c">06</marc:subfield><marc:subfield code="j">2004</marc:subfield><marc:subfield code="l">NACIONAL</marc:subfield></marc:datafield><marc:datafield tag="946" ind1=" " ind2=" "><marc:subfield code="a">BOLLE, STEFAN WILHELM</marc:subfield><marc:subfield code="b">69762</marc:subfield><marc:subfield code="e">FFLCH</marc:subfield><marc:subfield code="f">FAC DE FILOSOFIA, LETRAS E CIÊNCIAS HUMANAS</marc:subfield><marc:subfield code="g">FLM</marc:subfield><marc:subfield code="h">LETRAS MODERNAS</marc:subfield><marc:subfield code="i">RDIDP</marc:subfield><marc:subfield code="j">DOC</marc:subfield><marc:subfield code="k">PROF TITULAR</marc:subfield><marc:subfield code="l">83</marc:subfield><marc:subfield code="m">19861001</marc:subfield><marc:subfield code="n">20501231</marc:subfield></marc:datafield></marc:record>
</marc:collection>
